@inproceedings{trubetzkoy28,
  title={Proposition 16},
  author={Trubetzkoy, N. S.},
  booktitle={Acts of the First International Congress of Linguists},
  pages={17--18},
  year={1928}
}

@book{muysken08,
  title={From linguistic areas to areal linguistics},
  author={Muysken, P.},
  volume={90},
  year={2008},
  publisher={John Benjamins Publishing}
}

